@article { blackard,
  journal = "Computers and Electronics in Agriculture",
  author = "J A Blackard and D J Dean",
  title = "Comparative accuracies of artificial neural networks and discriminant analysis in predicting forest cover types from cartographic variables",
  pages = "131--151",
  volume = "vol.24",
  year = "1999",
}


@book{ ESL,

author={Hastie,Trevor and Tibshirani,Robert and Friedman,J. H.},

year={2001},

title={The elements of statistical learning: data mining, inference, and prediction},

publisher={Springer},

address={New York},

keywords={Supervised learning (Machine learning)},

isbn={9780387952840;0387952845;},

language={English}

}


@book{ bishop,

author={Bishop,Christopher M.},

year={2006},

title={Pattern recognition and machine learning},

publisher={Springer},

address={New York},

keywords={Apprentissage automatique; Statistique mathématique; Pattern recognition systems; Patroonherkenning; Reconhecimento de padrões; Pattern perception; Reconnaissance des formes (Informatique); Machine learning; Machine-learning; Redes neurais; Aprendizado computacional},

isbn={9780387310732;0387310738;},

language={English},
}